<record><leader>00000cas a2200000 a 4500</leader><controlfield tag="001">38490283</controlfield><controlfield tag="008">980223d19uu19uumiuwr n       0    0eng c</controlfield><datafield ind1=" " ind2=" " tag="010"><subfield code="a">sn 97070520 </subfield></datafield><datafield ind1=" " ind2=" " tag="040"><subfield code="a">MHN</subfield><subfield code="b">eng</subfield><subfield code="c">MHN</subfield><subfield code="d">OCL</subfield><subfield code="d">OCLCQ</subfield><subfield code="d">OCLCF</subfield><subfield code="d">OCLCO</subfield><subfield code="d">OCLCA</subfield></datafield><datafield ind1="1" ind2=" " tag="029"><subfield code="a">AU@</subfield><subfield code="b">000013796962</subfield></datafield><datafield ind1=" " ind2=" " tag="042"><subfield code="a">pcc</subfield></datafield><datafield ind1=" " ind2=" " tag="043"><subfield code="a">n-us-mi</subfield></datafield><datafield ind1="0" ind2=" " tag="130"><subfield code="a">Recorder (Farmington, Mich.)</subfield></datafield><datafield ind1="1" ind2="0" tag="245"><subfield code="a">Recorder.</subfield></datafield><datafield ind1=" " ind2=" " tag="260"><subfield code="a">Farmington, Mich.</subfield></datafield><datafield ind1=" " ind2=" " tag="300"><subfield code="a">v.</subfield></datafield><datafield ind1=" " ind2=" " tag="310"><subfield code="a">Weekly</subfield></datafield><datafield ind1=" " ind2=" " tag="500"><subfield code="a">Orchard Ridge Campus of Oakland Community College.</subfield></datafield><datafield ind1=" " ind2=" " tag="588"><subfield code="a">Description based on: Vol. 12, no. [3] (Jan. 26, 1972).</subfield></datafield><datafield ind1=" " ind2="0" tag="651"><subfield code="a">Farmington (Mich.)</subfield><subfield code="v">Newspapers.</subfield></datafield><datafield ind1=" " ind2="0" tag="651"><subfield code="a">Oakland County (Mich.)</subfield><subfield code="v">Newspapers.</subfield></datafield><datafield ind1=" " ind2="7" tag="655"><subfield code="a">Newspapers.</subfield><subfield code="2">fast</subfield><subfield code="0">(OCoLC)fst01423814</subfield></datafield><datafield ind1=" " ind2="7" tag="651"><subfield code="a">Michigan</subfield><subfield code="z">Farmington.</subfield><subfield code="2">fast</subfield><subfield code="0">(OCoLC)fst01211944</subfield></datafield><datafield ind1=" " ind2="7" tag="651"><subfield code="a">Michigan</subfield><subfield code="z">Oakland County.</subfield><subfield code="2">fast</subfield><subfield code="0">(OCoLC)fst01214740</subfield></datafield><datafield ind1=" " ind2=" " tag="752"><subfield code="a">United States</subfield><subfield code="b">Michigan</subfield><subfield code="c">Oakland</subfield><subfield code="d">Farmington.</subfield></datafield><datafield ind1="0" ind2="0" tag="780"><subfield code="t">Orchard Ridge recorder</subfield><subfield code="w">(DLC)sn 97070525</subfield><subfield code="w">(OCoLC)38490179</subfield></datafield></record>